<record><leader>00000cas a2200000 a 4500</leader><controlfield tag="001">24536915</controlfield><controlfield tag="008">911011u1985uuuuiluwr ne      0   a0eng c</controlfield><datafield ind1=" " ind2=" " tag="010"><subfield code="a">sn 91054162 </subfield></datafield><datafield ind1=" " ind2=" " tag="040"><subfield code="a">NVF</subfield><subfield code="b">eng</subfield><subfield code="c">NVF</subfield><subfield code="d">NVF</subfield><subfield code="d">OCLCQ</subfield><subfield code="d">OCLCF</subfield><subfield code="d">OCLCO</subfield><subfield code="d">NVF</subfield></datafield><datafield ind1=" " ind2=" " tag="042"><subfield code="a">pcc</subfield></datafield><datafield ind1=" " ind2=" " tag="043"><subfield code="a">n-us-il</subfield></datafield><datafield ind1="0" ind2="0" tag="245"><subfield code="a">Granite City press-record journal Sunday.</subfield></datafield><datafield ind1="3" ind2=" " tag="246"><subfield code="a">Granite City press record journal Sunday</subfield></datafield><datafield ind1=" " ind2=" " tag="260"><subfield code="a">Granite City, Ill. :</subfield><subfield code="b">East Side Pub.,</subfield><subfield code="c">1985-</subfield></datafield><datafield ind1=" " ind2=" " tag="300"><subfield code="a">v.</subfield></datafield><datafield ind1=" " ind2=" " tag="310"><subfield code="a">Weekly</subfield></datafield><datafield ind1="1" ind2=" " tag="362"><subfield code="a">Began Mar. 17, 1985.</subfield></datafield><datafield ind1=" " ind2=" " tag="588"><subfield code="a">Description based on: Vol. 1, no. 2 (Mar. 24, 1985).</subfield></datafield><datafield ind1=" " ind2=" " tag="588"><subfield code="a">Latest issue consulted: Mar. 31, 1985.</subfield></datafield><datafield ind1=" " ind2="0" tag="651"><subfield code="a">Granite City (Ill.)</subfield><subfield code="v">Newspapers.</subfield></datafield><datafield ind1=" " ind2="7" tag="651"><subfield code="a">Illinois</subfield><subfield code="z">Granite City.</subfield><subfield code="2">fast</subfield><subfield code="0">(OCoLC)fst01222896</subfield></datafield><datafield ind1=" " ind2="7" tag="655"><subfield code="a">Newspapers.</subfield><subfield code="2">fast</subfield><subfield code="0">(OCoLC)fst01423814</subfield></datafield><datafield ind1=" " ind2=" " tag="752"><subfield code="a">United States</subfield><subfield code="b">Illinois</subfield><subfield code="c">Madison</subfield><subfield code="d">Granite City.</subfield></datafield><datafield ind1="0" ind2=" " tag="775"><subfield code="t">Granite City press-record</subfield><subfield code="w">(DLC)sn 91054161</subfield><subfield code="w">(OCoLC)24536864</subfield></datafield><datafield ind1="1" ind2=" " tag="029"><subfield code="a">AU@</subfield><subfield code="b">000020747928</subfield></datafield></record>